@book{bjork2021,
  title = {Point {{Processes}} and {{Jump Diffusions}}: {{An Introduction}} with {{Finance Applications}}},
  shorttitle = {Point {{Processes}} and {{Jump Diffusions}}},
  author = {Björk, Tomas},
  date = {2021},
  publisher = {{Cambridge University Press}},
  location = {{Cambridge}},
  doi = {10.1017/9781009002127},
  isbn = {978-1-316-51867-0}
}

@incollection{bloznelis1994,
  title = {On the {{Central Limit Theorem}} for {{Multiparameter Stochastic Processes}}},
  booktitle = {Probability in {{Banach Spaces}}, 9},
  author = {Bloznelis, M. and Paulauskas, V.},
  editor = {Hoffmann-Jørgensen, Jørgen and Kuelbs, James and Marcus, Michael B.},
  date = {1994},
  publisher = {{Birkhäuser Boston}},
  location = {{Boston, MA}},
  doi = {10.1007/978-1-4612-0253-0_9},
  isbn = {978-1-4612-6682-2}
}

@book{daley2003,
  title = {An {{Introduction}} to the {{Theory}} of {{Point Processes}}: {{Volume I}}: {{Elementary Theory}} and {{Methods}}},
  shorttitle = {An {{Introduction}} to the {{Theory}} of {{Point Processes}}},
  author = {Daley, Daryl J. and Vere-Jones, David},
  date = {2003},
  series = {Probability and {{Its Applications}}, {{An Introduction}} to the {{Theory}} of {{Point Processes}}},
  edition = {2},
  publisher = {{Springer-Verlag}},
  location = {{New York}},
  doi = {10.1007/b97277},
  isbn = {978-0-387-95541-4}
}

@book{daley2007,
  title = {An {{Introduction}} to the {{Theory}} of {{Point Processes}}: {{Volume II}}: {{General Theory}} and {{Structure}}},
  shorttitle = {An {{Introduction}} to the {{Theory}} of {{Point Processes}}},
  author = {Daley, Daryl J. and Vere-Jones, David},
  date = {2007-11-12},
  edition = {2nd edition},
  publisher = {{Springer}},
  location = {{New York}},
  isbn = {978-0-387-21337-8},
  pagetotal = {590}
}

@article{donsker1983,
  title = {Asymptotic Evaluation of Certain {{Markov}} Process Expectations for Large Time. {{IV}}},
  author = {Donsker, M. D. and Varadhan, S. R. S.},
  date = {1983},
  journaltitle = {Communications on Pure and Applied Mathematics},
  volume = {36},
  number = {2},
  issn = {1097-0312},
  doi = {10.1002/cpa.3160360204}
}

@article{erdos1959,
  title = {On Random Graphs {{I}}},
  author = {Erdős, Paul and Rényi, Alfréd},
  date = {1959},
  journaltitle = {Publicationes mathematicae (Debrecen)},
  volume = {6},
  issn = {0033-3883},
  url = {https://www.renyi.hu/~p_erdos/1959-11.pdf}
}

@article{erdos1960,
  title = {On the Evolution of Random Graphs},
  author = {Erdős, P and Rényi, A},
  date = {1960},
  journaltitle = {Publications of the Mathematical Institute of the Hungarian Academy of Sciences},
  volume = {5},
  issn = {0541-9514}
}

@article{farajtabar2017,
  title = {{{COEVOLVE}}: A Joint Point Process Model for Information Diffusion and Network Evolution},
  shorttitle = {{{COEVOLVE}}},
  author = {Farajtabar, Mehrdad and Wang, Yichen and Gomez-Rodriguez, Manuel and Li, Shuang and Zha, Hongyuan and Song, Le},
  date = {2017-01-01},
  journaltitle = {The Journal of Machine Learning Research},
  volume = {18},
  number = {1},
  issn = {1532-4435},
  doi = {10.5555/3122009.3122050}
}

@incollection{feller1949,
  title = {On the {{Theory}} of {{Stochastic Processes}}, with {{Particular Reference}} to {{Applications}}},
  booktitle = {Berkeley {{Symposium}} on {{Mathematical Statistics}} and {{Probability}}},
  author = {Feller, W.},
  date = {1949-01-01},
  volume = {1},
  publisher = {{University of California Press}},
  url = {https://projecteuclid.org/ebooks/berkeley-symposium-on-mathematical-statistics-and-probability/Proceedings-of-the-First-Berkeley-Symposium-on-Mathematical-Statistics-and/chapter/On-the-Theory-of-Stochastic-Processes-with-Particular-Reference-to/bsmsp/1166219215}
}

@article{gibson2000,
  title = {Efficient {{Exact Stochastic Simulation}} of {{Chemical Systems}} with {{Many Species}} and {{Many Channels}}},
  author = {Gibson, Michael A. and Bruck, Jehoshua},
  date = {2000-03-01},
  journaltitle = {The Journal of Physical Chemistry A},
  volume = {104},
  number = {9},
  issn = {1089-5639, 1520-5215},
  doi = {10.1021/jp993732q}
}

@article{gilbert1959,
  title = {Random Graphs},
  author = {Gilbert, E. N.},
  date = {1959-12},
  journaltitle = {The Annals of Mathematical Statistics},
  volume = {30},
  number = {4},
  issn = {0003-4851, 2168-8990},
  doi = {10.1214/aoms/1177706098}
}

@article{gillespie1976,
  title = {A General Method for Numerically Simulating the Stochastic Time Evolution of Coupled Chemical Reactions},
  author = {Gillespie, Daniel T},
  date = {1976-12-01},
  journaltitle = {Journal of Computational Physics},
  shortjournal = {Journal of Computational Physics},
  volume = {22},
  number = {4},
  issn = {0021-9991},
  doi = {10.1016/0021-9991(76)90041-3}
}

@article{gillespie1977,
  title = {Exact Stochastic Simulation of Coupled Chemical Reactions},
  author = {Gillespie, Daniel T.},
  date = {1977-12-01},
  journaltitle = {The Journal of Physical Chemistry},
  volume = {81},
  number = {25},
  issn = {0022-3654},
  doi = {10.1021/j100540a008}
}

@article{gillespie2001,
  title = {Approximate Accelerated Stochastic Simulation of Chemically Reacting Systems},
  author = {Gillespie, Daniel T.},
  date = {2001-07-22},
  journaltitle = {The Journal of Chemical Physics},
  volume = {115},
  number = {4},
  issn = {0021-9606},
  doi = {10.1063/1.1378322}
}

@article{gillespie2007,
  title = {Stochastic {{Simulation}} of {{Chemical Kinetics}}},
  author = {Gillespie, Daniel T.},
  date = {2007-05-01},
  journaltitle = {Annual Review of Physical Chemistry},
  volume = {58},
  number = {1},
  issn = {0066-426X, 1545-1593},
  doi = {10.1146/annurev.physchem.58.032806.104637}
}

@article{granovetter1973,
  title = {The Strength of Weak Ties},
  author = {Granovetter, Mark S.},
  date = {1973-05-01},
  journaltitle = {American Journal of Sociology},
  volume = {78},
  number = {6},
  issn = {0002-9602},
  doi = {10.1086/225469}
}

@article{gupta2018,
  title = {An {{Overview}} of {{Network-Based}} and -{{Free Approaches}} for {{Stochastic Simulation}} of {{Biochemical Systems}}},
  author = {Gupta, Abhishekh and Mendes, Pedro},
  date = {2018-03},
  journaltitle = {Computation},
  volume = {6},
  number = {1},
  issn = {2079-3197},
  doi = {10.3390/computation6010009}
}

@article{holme2021,
  title = {Fast and Principled Simulations of the {{SIR}} Model on Temporal Networks},
  author = {Holme, Petter},
  date = {2021-02-12},
  journaltitle = {PLOS ONE},
  shortjournal = {PLOS ONE},
  volume = {16},
  number = {2},
  issn = {1932-6203},
  doi = {10.1371/journal.pone.0246961}
}

@book{last2017,
  title = {Lectures on the {{Poisson Process}}},
  author = {Last, Günter and Penrose, Mathew},
  date = {2017-10-26},
  edition = {1st edition},
  publisher = {{Cambridge University Press}},
  pagetotal = {310}
}

@book{laub2021,
  title = {The {{Elements}} of {{Hawkes Processes}}},
  author = {Laub, Patrick J. and Lee, Young and Taimre, Thomas},
  date = {2021},
  publisher = {{Springer International Publishing}},
  doi = {10.1007/978-3-030-84639-8},
  isbn = {978-3-030-84638-1 978-3-030-84639-8}
}

@article{lee2021,
  title = {Gibbs Sampler and Coordinate Ascent Variational Inference: {{A}} Set-Theoretical Review},
  shorttitle = {Gibbs Sampler and Coordinate Ascent Variational Inference},
  author = {Lee, Se Yoon},
  date = {2021-05-10},
  journaltitle = {Communications in Statistics - Theory and Methods},
  volume = {51},
  number = {2022},
  issn = {0361-0926},
  doi = {10.1080/03610926.2021.1921214}
}

@article{lewis1976,
  title = {Simulation of {{Nonhomogeneous Poisson Processes}} with {{Log Linear Rate Function}}},
  author = {Lewis, P. A. W. and Shedler, G. S.},
  date = {1976},
  journaltitle = {Biometrika},
  volume = {63},
  number = {3},
  eprint = {2335727},
  eprinttype = {jstor},
  issn = {0006-3444},
  doi = {10.2307/2335727}
}

@book{marchetti2017,
  title = {Simulation {{Algorithms}} for {{Computational Systems Biology}}},
  author = {Marchetti, Luca and Priami, Corrado and Thanh, Vo Hong},
  date = {2017},
  series = {Texts in {{Theoretical Computer Science}}. {{An EATCS Series}}},
  publisher = {{Springer International Publishing}},
  location = {{Cham}},
  doi = {10.1007/978-3-319-63113-4},
  isbn = {978-3-319-63111-0 978-3-319-63113-4}
}

@incollection{masuda2013a,
  title = {Self-Exciting Point Process Modeling of Conversation Event Sequences},
  booktitle = {Temporal {{Networks}}},
  author = {Masuda, Naoki and Takaguchi, Taro and Sato, Nobuo and Yano, Kazuo},
  editor = {Holme, Petter and Saramäki, Jari},
  date = {2013},
  publisher = {{Springer Berlin Heidelberg}},
  location = {{Berlin, Heidelberg}},
  doi = {10.1007/978-3-642-36461-7_12},
  isbn = {978-3-642-36461-7}
}

@book{masuda2016,
  ids = {masuda2016a},
  title = {A Guide to Temporal Networks},
  author = {Masuda, Naoki and Lambiotte, Renaud},
  date = {2016-09},
  publisher = {{World Scientific}},
  doi = {10.1142/q0033},
  isbn = {978-1-78634-114-3}
}

@article{mccollum2006,
  title = {The Sorting Direct Method for Stochastic Simulation of Biochemical Systems with Varying Reaction Execution Behavior},
  author = {McCollum, James M. and Peterson, Gregory D. and Cox, Chris D. and Simpson, Michael L. and Samatova, Nagiza F.},
  date = {2006-02-01},
  journaltitle = {Computational Biology and Chemistry},
  shortjournal = {Computational Biology and Chemistry},
  volume = {30},
  number = {1},
  issn = {1476-9271},
  doi = {10.1016/j.compbiolchem.2005.10.007}
}

@book{meiss2017,
  title = {Differential {{Dynamical Systems}}, {{Revised Edition}}},
  author = {Meiss, James},
  date = {2017-01-24},
  series = {Mathematical {{Modeling}} and {{Computation}}},
  publisher = {{Society for Industrial and Applied Mathematics}},
  doi = {10.1137/1.9781611974645},
  isbn = {978-1-61197-463-8},
  pagetotal = {400}
}

@article{newman2018,
  title = {Network Structure from Rich but Noisy Data},
  author = {Newman, M. E. J.},
  date = {2018-06},
  journaltitle = {Nature Physics},
  shortjournal = {Nature Phys},
  volume = {14},
  number = {6},
  issn = {1745-2481},
  doi = {10.1038/s41567-018-0076-1}
}

@article{newman2018a,
  title = {Estimating Network Structure from Unreliable Measurements},
  author = {Newman, M. E. J.},
  date = {2018-12-26},
  journaltitle = {Physical Review E},
  volume = {98},
  number = {6},
  doi = {10.1103/PhysRevE.98.062321}
}

@article{ogata1981,
  title = {On {{Lewis}}' Simulation Method for Point Processes},
  author = {Ogata, Y.},
  date = {1981-01},
  journaltitle = {IEEE Transactions on Information Theory},
  volume = {27},
  number = {1},
  issn = {1557-9654},
  doi = {10.1109/TIT.1981.1056305}
}

@book{pervin2014,
  title = {Foundations of {{General Topology}}},
  author = {Pervin, William J.},
  editor = {Boas, Ralph P.},
  date = {2014-12-24},
  publisher = {{Academic Press}},
  isbn = {978-1-4832-1172-5},
  pagetotal = {222}
}

@article{rackauckas2017,
  title = {{{DifferentialEquations}}.Jl – {{A Performant}} and {{Feature-Rich Ecosystem}} for {{Solving Differential Equations}} in {{Julia}}},
  author = {Rackauckas, Christopher and Nie, Qing},
  date = {2017-05-25},
  volume = {5},
  number = {1},
  issn = {2049-9647},
  doi = {10.5334/jors.151}
}

@online{rodrigues2021,
  title = {A Stochastic Model of Hippocampal Synaptic Plasticity with Geometrical Readout of Enzyme Dynamics},
  author = {Rodrigues, Yuri E. and Tigaret, Cezar M. and Marie, Hélène and O’Donnell, Cian and Veltz, Romain},
  date = {2021-03-30},
  eprinttype = {bioRxiv},
  doi = {10.1101/2021.03.30.437703},
  pubstate = {preprint}
}

@article{saichev2007,
  title = {Theory of Earthquake Recurrence Times},
  shorttitle = {Theory of Earthquake Recurrence Times},
  author = {Saichev, Alexander and Sornette, Didier},
  date = {2007-04},
  journaltitle = {Journal of Geophysical Research: Solid Earth},
  volume = {112},
  number = {B4},
  issn = {01480227},
  doi = {10.1029/2006JB004536}
}

@article{salis2005,
  title = {Accurate Hybrid Stochastic Simulation of a System of Coupled Chemical or Biochemical Reactions},
  author = {Salis, Howard and Kaznessis, Yiannis},
  date = {2005-02},
  journaltitle = {The Journal of Chemical Physics},
  shortjournal = {J. Chem. Phys.},
  volume = {122},
  number = {5},
  issn = {0021-9606},
  doi = {10.1063/1.1835951}
}

@article{slepoy2008,
  title = {A Constant-Time Kinetic {{Monte Carlo}} Algorithm for Simulation of Large Biochemical Reaction Networks},
  author = {Slepoy, Alexander and Thompson, Aidan P. and Plimpton, Steven J.},
  date = {2008-05-28},
  journaltitle = {The Journal of Chemical Physics},
  volume = {128},
  number = {20},
  issn = {0021-9606},
  doi = {10.1063/1.2919546}
}

@article{sornette2008,
  title = {Nonlinear Theory and Tests of Earthquake Recurrence Times},
  author = {Sornette, D. and Utkin, S. and Saichev, A.},
  date = {2008-06-11},
  journaltitle = {Physical Review E},
  volume = {77},
  number = {6},
  issn = {1539-3755, 1550-2376},
  doi = {10.1103/PhysRevE.77.066109}
}

@article{thanh2014,
  title = {Efficient Rejection-Based Simulation of Biochemical Reactions with Stochastic Noise and Delays},
  author = {Thanh, Vo Hong and Priami, Corrado and Zunino, Roberto},
  date = {2014-10-07},
  journaltitle = {The Journal of Chemical Physics},
  volume = {141},
  number = {13},
  issn = {0021-9606},
  doi = {10.1063/1.4896985}
}

@article{thanh2017,
  title = {Efficient {{Constant-Time Complexity Algorithm}} for {{Stochastic Simulation}} of {{Large Reaction Networks}}},
  author = {Thanh, Vo Hong and Zunino, Roberto and Priami, Corrado},
  date = {2017-05},
  journaltitle = {IEEE/ACM Transactions on Computational Biology and Bioinformatics},
  volume = {14},
  number = {3},
  issn = {1557-9964},
  doi = {10.1109/TCBB.2016.2530066}
}

@article{veltz2015,
  title = {A New Twist for the Simulation of Hybrid Systems Using the True Jump Method},
  author = {Veltz, Romain},
  date = {2015-04-26},
  eprint = {1504.06873},
  eprinttype = {arxiv},
  doi = {10.48550/arXiv.1504.06873},
  pubstate = {preprint}
}

@article{wu1983,
  title = {On the {{Convergence Properties}} of the {{EM Algorithm}}},
  author = {Wu, C. F. Jeff},
  date = {1983-03},
  journaltitle = {The Annals of Statistics},
  volume = {11},
  number = {1},
  issn = {0090-5364, 2168-8966},
  doi = {10.1214/aos/1176346060}
}
